@Manual{NBR1465301,
  address={Rio de Janeiro},
  Author = {ABNT},
  month={mai.},
  organization={Associação Brasileira de Normas Técnicas},
  org-short={ABNT},
  pages={10},
  subtitle={Avaliação de bens -- Parte 1: Procedimentos Gerais},
  title={{NBR} 14653-1},
  year={2001}
}
@Manual{NBR1465302,
	Address = {Rio de Janeiro},
	Author = {ABNT},
	Month = {fev.},
	Org-Short = {ABNT},
	Organization = {Associação Brasileira de Normas Técnicas},
	Pages = {4},
	Subtitle = {Avaliação de Bens -- Parte 2: Imóveis Urbanos},
	Title = {{NBR} 14653-2},
	Year = {2011}
}
@Manual{NBR12721,
	Address = {Rio de Janeiro},
	Month = {ago.},
	Org-Short = {ABNT},
	Organization = {Associação Brasileira de Normas Técnicas},
	Pages = 4,
	Subtitle = {Avaliação de custos de construção para incorporação imobiliária e outras disposições para condomínios edilícios},
	Title = {{NBR} 12721},
	Year = {2006}
}
@Manual{IN002,
  Address = {Brasília-DF},
  Author={MPDG},
  Month = {Mai.},
  Org-Short = {MPDG},
	Organization = {Ministério do Planejamento, Desenvolvimento e Gestão},
  Pages = {21},
  Title = {Instrução Normativa para regulamentação quanto aos procedimentos sobre as avaliações de bens
imóveis da União ou de seu interesse.},
  Year = {2017}
}
@Manual{CONFEA,
  Address = {Brasília-DF},
  Author={CONFEA},
  Edition = {9},
  Org-Short = {CONFEA},
  Org = {Conselho Federal de Engenharia e Agronomia},
  Title = {Código de Ética Profissional da Engenharia, da Agronomia, da Geologia, da Geografia e da Meteorologia},
  Year = {2014}
}
@book{matloff2009,
  author = {Norman Saul Matloff},
  address = {Davis, California},
  title = {From {A}lgorithms to {Z}-{S}cores},
  publisher = {Orange Grove Books},
  subtitle = {Probabilistic and Statistical Modeling in Computer Science},
  year = {2009},
  url = {http://heather.cs.ucdavis.edu/~matloff/132/PLN/probstatbook/ProbStatBook.pdf}
}
@book{matloff2017,
  author = {Norman Matloff},
  address = {Boca Raton, Florida},
  title = {Statistical Regression and Classification},
  subtitle = {From Linear Models to Machine Learning},
  publisher = {Chapman & Hall},
  year = {2017}
}
@Inproceedings{giannakos,
 Address = {Florianópolis},
 Author = {ISABELA BECK DA SILVA GIANNAKOS and MANOEL LUIZ LEÃO},
 crossref = {lics},
 Pages = {267-278},
 Publisher = {COBREAP},
 Title = {Crítica à avaliação pela moda da distribuição lognormal},
 Year = {1996}
}
@proceedings{lics,
  title = {VIII {C}ongresso {B}rasileiro de {A}valiações e {P}erícias},
  shorttitle = {VIII COBREAP},
  eventdate = {1996},
  venue = {Florianópolis, SC},
  date = {1996},
}
@article{razali,
  author = {Razali, Nornadiah and Wah, Yap Bee},
  title = {Power comparisons of {S}hapiro-{W}ilk, {K}olmogorov-{S}mirnov, {L}illiefors and {A}nderson-{D}arling tests},
  journal = {Journal of Statistical Modeling and Analytics},
  volume = {2},
  pages = {21-33},
  year = {2011}
}
@misc{bennett,
  author = {Herman Bennett},
  address = {MIT},
  title = {Lecture Note 4},
  subtitle = {Expectations (Moments)},
  url = {https://tinyurl.com/yayljdpq},
  Year = {2006}
}
@misc{wiki:E,
   author = "Wikipedia",
   title = "Valor Esperado --- {W}ikipedia{,} The Free Encyclopedia",
   year = "2018",
   url = "https://pt.wikipedia.org/wiki/Valor_esperado",
   note = "[Online; acessado 15-fev-2018]"
}
@misc{SE,
  author = "Stack Exchange",
  title = "Back transforming regression results when modeling log(y)",
  year = "2016",
  url = "https://stats.stackexchange.com/questions/115571/back-transforming-regression-results-when-modeling-logy",
  note = "[Online; acessado 15-fev-2018]"
}
@techreport{NBERt0246,
 title = "Estimating Log Models: To Transform or Not to Transform?",
 author = "Willard G. Manning and John Mullahy",
 institution = "National Bureau of Economic Research",
 type = "Working Paper",
 series = "Technical Working Paper Series",
 number = "246",
 year = "1999",
 month = "November",
 doi = {10.3386/t0246},
 URL = "http://www.nber.org/papers/t0246",
}
@article{Duan,
  author = {Naihua Duan},
  title = {Smearing Estimate: A Nonparametric Retransformation Method},
  journal = {Journal of the American Statistical Association},
  volume = {78},
  number = {383},
  pages = {605-610},  
  year  = {1983},
  publisher = {Taylor & Francis},
  doi = {10.1080/01621459.1983.10478017},
  URL = {http://www.tandfonline.com/doi/abs/10.1080/01621459.1983.10478017},
  eprint = {http://www.tandfonline.com/doi/pdf/10.1080/01621459.1983.10478017}
}
@article{neyman1960,
author = "Neyman, Jerzy and Scott, Elizabeth L.",
doi = "10.1214/aoms/1177705791",
fjournal = "The Annals of Mathematical Statistics",
journal = "Ann. Math. Statist.",
month = "09",
number = "3",
pages = "643--655",
publisher = "The Institute of Mathematical Statistics",
title = "Correction for Bias Introduced by a Transformation of Variables",
url = "https://doi.org/10.1214/aoms/1177705791",
volume = "31",
year = "1960"
}
@article{meulenberg1965,
 ISSN = {00129682, 14680262},
 URL = {http://www.jstor.org/stable/1910362},
 author = {M. T. G. Meulenberg},
 journal = {Econometrica},
 number = {4},
 pages = {863--868},
 publisher = {[Wiley, Econometric Society]},
 title = {On the Estimation of an Exponential Function},
 volume = {33},
 year = {1965}
}
@article{shen,
  author = {Haipeng Shen and Zhengyuan Zhu},
  title = {Efficient mean estimation in log-normal linear models},
  journal = {Journal of Statistical Planning and Inference},
  pages = {552--567},
  publisher = {Elsevier},
  volume = {138},
  year = {2008},
  URL = {https://www.unc.edu/~haipeng/publication/emplnM1.pdf}
}
@book{hochheim,
  Address = {Florianópolis},
  Author = {Norberto Hochheim},
  Title = {Engenharia de Avaliações - Módulo Básico},
  Publisher = {IBAPE - SC},
  Year = {2015}
}
@book{QR,
  author = {Cristina Davino, Marilena Furno and Domenico Vistocco},
  address = {UK},
  title = {Quantile Regression},
  subtitle = {Theory and Applications},
  publisher = {Wiley},
  year = {2014}
}
@article{koenker,
  author = {Roger Koenker and Kevin F. Hallock},
  journal = {Journal of Economic Perspectives},
  pages = {143-156},
  title = {Quantile Regression},
  volume = {15},
  number = {4},
  year = {2001}
}
@article{oelker,
  author = {Margret-Ruth Oelker and Fabian Sobotkaz and Nadja Kleinz and Thomas Kneibz},
  title = {Semiparametric Mode Regression},
  year = {2015},
  url = {https://www.uni-goettingen.de/de/oelker_04_2015/512327.html}
}
@article{chen2016,
author = "Chen, Yen-Chi and Genovese, Christopher R. and Tibshirani, Ryan J. and Wasserman, Larry",
doi = "10.1214/15-AOS1373",
fjournal = "The Annals of Statistics",
journal = "Ann. Statist.",
month = "04",
number = "2",
pages = "489--514",
publisher = "The Institute of Mathematical Statistics",
title = "Nonparametric modal regression",
url = "https://doi.org/10.1214/15-AOS1373",
volume = "44",
year = "2016"
}
@Manual{quantreg,
  title = {quantreg: Quantile Regression},
  author = {Roger Koenker},
  year = {2018},
  note = {R package version 5.35},
  url = {https://CRAN.R-project.org/package=quantreg},
}
@Manual{R,
  title = {R: A Language and Environment for Statistical Computing},
  author = {{R Core Team}},
  organization = {R Foundation for Statistical Computing},
  address = {Vienna, Austria},
  year = {2018},
  url = {https://www.R-project.org/},
}
@article{quantregvignette,
  author = {Roger Koenker},
  title = {Quantile Regression in {R}},
  subtitle = {A vignette},
  url = {https://cran.r-project.org/web/packages/quantreg/vignettes/rq.pdf},
  year = {2018}
}
@book{gkchesterton,
  author = {G. K. Chesterton},
  address = {São Paulo},
  title = {Ortodoxia},
  publisher = {Mundo Cristão},
  Year = {2008}
}
@book{polock,
  author = {D. Stephen G. Pollock},
  title = {Lectures on Econometrics},
  url = {https://www.le.ac.uk/users/dsgp1/COURSES/THIRDMET/MYLECTURES/1REGRESS.pdf},
  
}